2636 4510
91 339 96 360 x
144 256 253 334 Χ
454 287 458 302 ’
557 258 836 339 Dautcarro.
997 258 1021 347 s
1072 322 1075 332 ,

528 403 533 430 l

102 447 229 544 fit,
251 469 296 512 ne
315 421 416 514 etiam
423 445 626 514 minuerem.
662 411 905 534 Venioigitur
917 447 1020 522 adid,
1038 447 1249 534 quotlhuic

142 569 147 574 ’
177 537 285 641 libelli
301 559 369 622 mei
393 557 597 624 dedicationi
618 579 716 644 prora
738 579 777 623 ac
798 557 920 644 puppis
944 559 1008 646 est;
1039 573 1079 622 ut
1098 571 1247 645 praeter

177 667 298 742 illam,
330 680 430 754 quarn
452 673 519 734 boc
538 663 644 732 veluti
666 667 843 756 τεκμηρίῳ
867 668 1088 736 cummaxime
1113 691 1245 733 coram

178 781 336 848 omnibus
351 779 516 860 testificor,
542 803 617 867 erga
633 783 699 847 Vos
712 779 930 846 reverentiam
945 802 1066 854 meam,
1092 779 1238 866 gratias,

125 907 134 924 ‘
178 871 258 978 quas
276 895 434 958 antehoc
450 891 635 956 triennium
651 889 916 976 Vobibrprivatas
934 889 1242 977 egi,·,nuucagam
1314 967 1316 976 s

59 1018 109 1072 ·'.
146 999 346 1088 publicas,
379 1025 420 1068 ac
448 1001 553 1068 debiti
578 1001 646 1066 mei
675 1017 823 1088 partem,
856 1001 1008 1087 quamvis
1033 999 1234 1078 minimam,

58 1145 61 1166 ·
123 1119 127 1124 ’
164 1101 352 1180 ‘offerendo'
364 1110 464 1184 Vobis
481 1119 573 1190 hoc,
590 1109 822 1208 qualecunque
840 1111 926 1177 illud
943 1113 996 1188 est,
1020 1113 1233 1177 munusculo

12 1231 15 1242 “
143 1217 403 1330 <philologum
427 1247 493 1311 qua
510 1247 568 1312 par
587 1218 629 1287 est
650 1209 788 1298 vestri
771 1246 849 1289 cum
874 1223 1082 1303 observantia
1102 1225 1232 1309 persol-

103 1321 110 1346 ⁸
133 1341 138 1348 '
176 1361 266 1401 vam.
310 1341 375 1400 Vos
396 1321 511 1412 enim,
533 1334 604 1400 Viri
621 1333 875 1409 honoratissimi,
901 1349 1070 1401 annuente
1088 1338 1162 1398 Deo
1181 1336 1227 1400 Ο.

156 1523 159 1540 ,
176 1424 224 1512 M
235 1447 341 1532 „fidel
329 1445 449 1512 liffima
466 1447 589 1521 vestra,
612 1445 765 1538 mihique
783 1445 997 1510 saluberrima
1013 1431 1229 1548 institutione

116 1586 120 1599 ¹
160 1565 219 1651 -ad
235 1559 442 1648 Theologiae
456 1555 696 1644 literarumque
717 1557 970 1630 humaniorum
980 1552 1117 1622 sacraria
1137 1555 1226 1643 opti·

87 1689 92 1697 ‘
110 1697 120 1704 ·
165 1673 225 1738 “mi
241 1672 327 1736 mihi
344 1675 445 1735 <luces
462 1667 578 1733 fuistis.
606 1671 696 1735 'Vos-
707 1669 749 1732 ad
763 1667 951 1759 amicitiam
972 1645 1131 1743 vestram,
1157 1689 1226 1754 qua
1257 1711 1261 1716 ,

175 1782 262 1855 mihi
278 1781 365 1844 nihil
380 1778 495 1866 potuit
516 1780 578 1857 elle
605 1801 669 1844 nec
686 1778 886 1844 fructuosius
912 1802 976 1846 nec
997 1777 1224 1848 honorificen

175 1895 261 1968 tius,
291 1893 386 1956 nullo
416 1891 528 1980 plane
550 1889 671 1970 merito
702 1911 779 1955 meo
806 1890 998 1978 provocati,
1040 1887 1225 1986 introitum
1296 1928 1300 1936 =

93 2035 97 2042 -
122 2073 126 2084 ,
174 2002 408 2112 benignissime
423 2002 510 2068 mihi
531 1998 737 2088 patefecistis.
783 2005 865 2068 Vos
872 2001 957 2068 mihi
981 1979 1223 2088 supellectilem

3 2127 6 2135 '
83 2146 88 2173 x
162 2100 310 2188 uestram
325 2105 513 2189 librariam,
538 2111 647 2178 omnis
665 2110 793 2197 generis
815 2112 988 2179 codicibus
1014 2113 1221 2189 instructam,

39 2237 47 2248 “
105 2307 106 2314 ¹
146 2207 294 2314 ‘sponte
325 2227 424 2310 plane
454 2223 556 2288 vestra
585 2222 775 2298 reclusistis,
804 2245 981 2310 meamque
1008 2225 1220 2300 tenuitatem,
1265 2253 1268 2269 ·

174 2335 440 2426 quotiescunque
455 2335 532 2398 usus
543 2334 643 2409 foret,
661 2329 895 2398 humaniffime
911 2331 1115 2401 sustentastis.
1143 2339 1220 2425 Vei·-

172 2452 217 2512 bo
236 2445 366 2546 dicam:
398 2448 463 2510 Vos
479 2461 512 2509 et
527 2467 566 2510 eo
584 2461 753 2532 ternpore,
779 2467 857 2511 cum
870 2467 908 2509 ιιι
923 2463 978 2509 me
995 2447 1145 2510 docendo
1161 2449 1220 2509 bo

64 2553 80 2588 ‘'
152 2580 294 2656 nurum
314 2573 568 2643 praeceptorum
591 2555 683 2622 vices
703 2556 849 2644 perfecte
872 2553 1030 2630 obiretis,
1056 2571 1089 2619 et
1110 2528 1221 2642 postia

174 2669 274 2733 etiam
290 2672 332 2732 atl
347 2671 441 2732 hunc
456 2659 562 2754 usque
581 2667 686 2744 diem,
718 2664 921 2732 immeritam
949 2665 1122 2732 vestram
1111 2689 1148 2730 m
1164 2691 1221 2734 me
1251 2687 1253 2694 ’

173 2783 442 2846 voluntatemne
467 2778 737 2864 benevolentiam
761 2761 830 2858 tarn
852 2798 888 2840 re
913 2798 1013 2863 quarn
1036 2769 1146 2863 v'erbis
1172 2777 1220 2844 ita
1284 2789 1290 2796 '

175 2890 373 2965 declarastis,
407 2905 446 2952 ut
471 2875 625 2952 omnium
640 2889 748 2954 forem
763 2886 970 2971 durissimus,
992 2888 1024 2978 'fi
1047 2889 1148 2954 tantis
1164 2913 1219 2954 ve-

170 3002 243 3068 uris
264 2999 437 3066 beneficiis
464 3003 619 3073 omat'us,
649 3001 741 3062 haec'
755 2997 868 3062 animo
895 3015 989 3088 grato
1011 3021 1082 3065 non
1104 3004 1218 3090 agnql·

174 3129 302 3186 cerem,
327 3128 360 3176 et
380 3109 495 3198 quouis
510 3110 586 3174 usus
604 3107 872 3194 opportunitate,
897 3113 985 3196 apud
1011 3128 1126 3176 omnes
1146 3133 1218 3186 non

117 3243 121 3256 ²
173 3223 430 3312 praedicarem·
452 3209 662 3308 Dateigitur
684 3220 818 3287 veniam
843 3221 1000 3286 audaciae
1021 3236 1133 3304 meae,
1155 3223 1218 3286 sm-
1255 3221 1288 3266 ι’
1314 3233 1315 3242 ’

136 3345 146 3408 ‘.
173 3337 283 3430 gular's
300 3333 407 3404 ,vestra
432 3328 764 3408 comitateinnixae,
787 3347 826 3396 ut
848 3310 972 3418 quanta
996 3330 1115 3420 polli'm
1139 3329 1244 3399 cum'

171 3446 374 3536 verecundia
387 3427 549 3528 vestrique
567 3442 787 3520 veneratione
801 3442 955 3508 libellum
977 3447 1070 3511 hunc
1085 3446 1217 3536 Lectio·

128 3580 138 3626 ι
171 3581 256 3626 num
279 3556 511 3650 Tullianarum
536 3552 639 3618 Vobis
660 3541 815 3620 'dedicem
838 3571 872 3618 et
893 3556 1103 3633 consecrem,
1134 3571 1215 3622 tam-

172 3692 274 3758 quam,
291 3667 463 3734 submillae
478 3663 515 3728 in
531 3667 597 3730 Vos
622 3651 863 3758 observantiae,
888 3683 1064 3754 grataeque
1084 3687 1217 3754 percep·

143 3773 158 3806 ’·
172 3794 285 3844 torum
299 3759 542 3886 beneficiorum
560 3777 741 3852 memoriae
757 3801 850 3868 meae
864 3775 1069 3844 veriffimum
1094 3781 1216 3866 pignus
1274 3785 1279 3796 “

15 3959 17 3968 ,
48 3887 51 3894 ’
107 3902 142 3958 J
172 3909 211 3954 ac
242 3908 512 3958 monumentum.
540 3893 628 3954 .Vos
651 3887 736 3952 illud
759 3889 871 3954 sereno
904 3892 1000 3954 vultu
1025 3893 1215 3978 blandoque

171 3991 306 4080 atriano,
330 4007 534 4089 prolununa
553 4002 655 4069 vestra
680 4000 860 4080 facilitate,
885 4002 1042 4088 accipite,
1064 4006 1228 4091 -quaol03-
