2652 4516
510 83 727 158 ‘'Nl''

497 151 608 180 ΙΙ.

151 199 156 224 Ι
238 215 245 246 q
290 226 294 234 ,
366 204 368 212 ¹

198 241 263 314 224
341 343 343 358 .
412 208 1012 340 ·'r.waraeaao'rarrotrun

106 483 109 492 ,
140 463 144 471 ,
175 436 179 446 ·
198 397 311 497 „siai
334 435 404 511 non
426 412 547 503 potest,
578 409 691 510 inquit
708 403 754 482 ad.
771 398 1003 502 bunc'locu'in
1020 415 1062 480 cl.
1079 414 1257 492 Davisius,

42 530 44 537 '
95 585 96 595 ,
142 547 152 560 ’
197 524 479 618 ,‚uthoc,'quod
501 511 721 604 vul't'nostem
752 527 790 591 in
808 521 973 619 Velleium
998 523 1143 592 omnin'o
1169 549 1259 592 con-

196 639 354 718 „veniatss
378 663 457 707 cum
477 639 580 704 irretit
601 643 832 710 Romanorum
851 639 1050 702 urbanitate
1071 639 1254 702 timaeus..

128 817 132 832 ,
194 750 316 836 „Quin
338 766 374 816 et-
395 755 436 816 ab
453 747 998 830 ,horuminterlocutorum.eultu
1016 765 1054 814 'et
1078 749 1253 838 elegantia

194 861 301 952 „tales
327 866 507 928 abhorrent
526 863 767 937 contumeliae
780 875 803 905 “
846 861 969 930 Cum
941 862 1064 950 igitur
1095 860 1155 926 alii
1180 861 1252 925 viri

100 1049 102 1062 Ι
195 974 287 1048 docti
315 972 365 1040 eis
384 969 432 1056 de
456 957 557 1040 caulis
578 998 698 1072 vocem
723 998 823 1054 unum
851 990 909 1039 aut
931 975 1105 1039 delendam
1138 973 1251 1040 exilli·

183 1097 305 1184 ment,
329 1101 388 1151 aut
408 1087 652 1172 reponendum
664 1089 794 1176 uirum,
816 1084 870 1150 vel
896 1089 1049 1163 omm'no,·
1070 1071 1142 1172 ipse
1157 1085 1249 1174 legit

110 1194 170 1258 160
193 1221 281 1275 unu,
302 1198 326 1261 i.
344 1220 373 1261 e.
391 1197 500 1262 simul.
544 1195 580 1262 si
595 1189 697 1262 iustae
711 1195 788 1262 sunt
802 1197 948 1262 rationes
951 1197 1059 1276 illae,
1084 1214 1168 1284 quas
1188 1200 1246 1262 ad-

30 1355 33 1362 ·
82 1339 86 1399 }
191 1311 258 1376 fert
279 1308 332 1374 vir
353 1310 417 1396 cl,
441 1285 525 1374 salva
545 1308 826 1396 utqueincolumi
847 1307 995 1388 lectione
1008 1311 1164 1398 vulgata,
1189 1331 1244 1374 res

81 1418 85 1425 ’
172 1412 238 1488 ¹sic
264 1408 411 1510 expediri
433 1421 524 1508 polle
552 1420 704 1496 videtur,
740 1419 765 1483 fi
795 1420 946 1504 syntaxin
976 1419 1024 1485 ita
1051 1419 1240 1508 concipias,

131 1561 139 1606 j
190 1537 268 1598 Nee
281 1555 364 1597 veru
388 1535 454 1604 hoe
472 1534 508 1596 in
530 1545 564 1594 te
584 1534 848 1607 eonvenit‚,unn
862 1569 898 1582 ··
912 1533 1052 1609 limato,
1076 1532 1101 1595 i.
1122 1555 1151 1615 e.
1176 1532 1241 1619 qui

172 1639 374 1722 'tolus„vel
393 1645 452 1732 qui
468 1645 612 1715 maxime
628 1681 667 1693 ··
689 1643 825 1708 limatus
852 1643 907 1709 fia'
946 1643 1003 1709 Sic
1023 1643 1171 1732 ¹Velleius
1194 1647 1236 1712 ab

190 1763 228 1821 ea
255 1750 462 1842 stupiditate,
506 1777 601 1841 quae
598 1754 737 1820 ceteris
758 1746 942 1841 ⁴Epicureis
969 1755 1232 1850 impingebatur,

189 1865 265 1932 satis
291 1864 410 1931 bene
399 1864 561 1944 immunis
586 1865 818 1952 praestabitur3
854 1869 946 1954 quod
966 1868 1138 1954 urbanitas
1161 1871 1233 1934 Vel·

186 1976 266 2051 teti,
297 1991 330 2040 et
361 1975 602 2062 disputantium
630 1981 849 2066 εὐσχημονίᾳ
881 1961 1028 2067 flagitare
1059 1952 1233 2066 interpreti

173 2070 377 2154 noctitfimo
391 2088 578 2154 videbatur.
623 2093 689 2155 Sed
710 2090 856 2155 rationes
878 2089 955 2182 illae
976 2091 1000 2154 sr
1023 2106 1149 2168 attente
1165 2091 1232 2178 spe·
1311 2075 1312 2138 l

96 2209 99 2225 ‘
128 2251 135 2260 .
176 2209 338 2280 crentur,
360 2201 453 2266 haud
476 2217 566 2266 recte
582 2202 649 2266 talo
674 2201 740 2266 niti
758 2201 912 2290 liquebit.
957 2203 1061 2288 Quod
1080 2200 1172 2268 enim
1190 2189 1230 2265 ad

134 2292 143 2316 ἲ
184 2311 409 2398 urbanitatem
430 2312 547 2378 Velleii
571 2311 709 2388 attinet,
732 2313 791 2378 illa
817 2296 967 2402 quamvis
989 2311 1049 2376 hie
1073 2312 1226 2378 mollien-

111 2421 113 2428 '
186 2425 306 2498 dorum
327 2421 542 2510 aliquomodo
566 2423 794 2526 convitiorum
807 2424 913 2533 causa
935 2440 1226 2500 commemoretur,
1310 2433 1311 2494 l

182 2555 255 2602 non
277 2549 389 2598 tamen
412 2551 481 2602 erat
501 2552 613 2612 tanta,
638 2533 724 2629 quin
748 2557 826 2602 cum
847 2532 1040 2622 Epicureis,
1064 2535 1125 2621 qui
1144 2532 1201 2600 le
1190 2558 1226 2598 ιη

130 2655 133 2662 ’
180 2643 335 2732 plurimis
360 2646 504 2712 ridicule
532 2649 670 2746 dabant,
703 2647 844 2734 turpiter
866 2661 1003 2721 erraret3
1037 2649 1131 2732 quod
1153 2644 1225 2711 [atis

180 2757 343 2845 superque
371 2761 493 2824 docent
513 2741 754 2824 antecedentia.
805 2739 925 2846 Neque
950 2778 1029 2824 vero
1058 2759 1170 2822 cultus
1194 2772 1226 2819 et
1309 2763 1310 2766 ’

37 2918 39 2933 .
126 2917 127 2922 1
180 2868 344 2955 elegantia
366 2868 647 2936 interlocutorum
667 2886 775 2948 vetat,
808 2871 989 2960 quominus
1009 2869 1093 2933 haec
1117 2867 1225 2954 dispu-

118 3001 132 3012 ·
179 2977 283 3043 tantis
305 2983 406 3045 verba
434 2982 479 3046 fic
495 2981 752 3070 intelligantur,
787 2998 828 3046 ut
848 2973 1092 3068 Epicureoium
1120 2978 1225 3044 stulti·
1308 2989 1309 3068 ζ

150 3071 154 3080 “
177 3086 261 3154 tiam
276 3089 400 3154 Velleio
423 3090 610 3182 impingere
636 3093 775 3160 omnino
796 3083 1080 3181 -voluerit3'quas1
1107 3089 1157 3155 ita
1175 3090 1242 3156 lo·'

127 3224 129 3233 ·
178 3213 278 3264 cutus
304 3193 431 3265 futter:
471 3207 551 3268 Hoc
581 3227 655 3269 eum
682 3207 719 3268 in
742 3219 777 3268 te
802 3207 1000 3280 conueniet,
1018 3248 1054 3268 ..
1077 3201 1201 3266 limato
1209 3224 1224 3278 ,·

94 3325 96 3332 '
127 3363 134 3374 ,
177 3309 284 3374 multo
307 3311 441 3398 quidem
468 3317 578 3396 magis
594 3363 627 3380 ..
650 3319 686 3380 in
709 3339 781 3380 eum
795 3353 808 3368 ·
822 3351 836 3366 ·
859 3318 1024 3380 homiuem
1039 3311 1119 3405 fine
1148 3326 1224 3378 arte

134 3433 136 3442 ’
176 3437 239 3488 etc.
286 3422 427 3509 Saepius
439 3421 486 3488 ita
508 3425 680 3491 Ciceronis
706 3427 864 3511 Stoicus‚‘
882 3425 969 3492 aestu
987 3422 1222 3510 disputationis

174 3531 215 3596 se.
230 3534 338 3622 abripi
363 3537 488 3630 pallus,
518 3519 736 3602 inclementer
758 3537 827 3623 agit
844 3537 1028 3624 Epicureos
1051 3557 1122 3600 non
1149 3550 1222 3598 tan·

173 3650 267 3720 tum,
289 3646 345 3710 sed
364 3646 473 3733 ipsum
489 3663 624 3735 quoque
639 3626 820 3724 Velleium,
842 3649 903 3735 qui
918 3647 1009 3714 illud
1025 3644 1221 3742 disputatio·

172 3756 226 3821 nis
249 3755 325 3820 suae
348 3757 499 3844 llrperbia
526 3758 665 3825 omnino
685 3774 861 3823 meruerat.
906 3761 985 3824 Tale
1015 3758 1115 3823 etiam
1139 3779 1221 3822 con·
1305 3751 1306 3816 j

171 3865 296 3934 vitium
323 3884 392 3932 erat
421 3871 505 3959 illud
529 3865 665 3947 Cottae,
697 3867 756 3934 lib.
783 3873 809 3946 Ι,
839 3877 869 3937 c.
893 3860 946 3936 40.
983 3871 1146 3935 Arbitror
1174 3882 1220 3943 te,

128 3995 130 4006 ’
174 3977 299 4058 Vellei,
327 3976 473 4072 finitam
503 3975 565 4073 effe
594 3985 840 4068 Epicureorum
870 3983 1093 4071 reliquorum,
1133 4001 1221 4068 quos
