2640 4508
63 380 67 392 Ι
111 352 115 363 ,
162 295 298 378 ·378,
414 295 456 357 Τ.
484 295 700 359 Worme
732 289 1010 358 Lectionum

164 477 168 493 ‘
200 469 281 534 mali
305 491 345 534 ex
360 469 523 555 gallorum
539 444 641 530 cantu
657 463 832 550 praesagiri
850 465 940 554 posse
964 433 1154 539 ostendat,
1164 447 1241 550 quo·

198 581 293 646 niam
308 581 365 647 ille
385 579 437 643 bia
454 577 655 642 animalibus
669 577 828 643 omlis
838 578 906 650 est,
931 595 1019 662 aque
1033 576 1242 642 naturalibus

173 697 296 781 “plane
312 693 413 759 caufia
432 691 626 776 dependeat.
668 689 760 755 Hinc
772 691 953 756 vanitatem
970 677 1156 768 sententiae
1171 691 1241 752 Cal·

197 799 372 872 listhenis'
361 828 429 868 ram
447 803 602 878 deducit,
625 824 684 886 qm
674 787 838 886 'putabat
849 819 946 867 extra
964 802 1053 888 ipsos
1068 805 1175 889 gallos
1195 803 1240 866 di·

194 919 324 983 vinitus
347 917 476 1004 liguum
488 913 680 1002 'quodpiam
703 915 839 991 exstare,
870 915 1057 1001 quodcum
1070 914 1238 990 vidissent,

195 1029 331 1096 incitari
347 1050 403 1097 eoa
423 1029 465 1096 ad
483 1009 697 1134 cantandum.
713 1035 751 1069 ²⁴
735 1033 789 1106 ⁴¹)
1202 1041 1207 1053 ·

270 1187 371 1272 Cap.¹
368 1187 489 1260 XXXI,
507 1181 562 1250 66.
585 1183 648 1245 sed
663 1195 703 1245 ut
717 1186 753 1244 in
771 1177 1149 1273 eunisfueritanguis,
1173 1207 1237 1246 non

192 1311 265 1360 tom
287 1296 334 1389 est
354 1301 493 1372 mirum,
524 1299 560 1359 in
578 1296 719 1359 Solonio
734 1288 955 1386 praesertim,
981 1293 1040 1357 ubi
1058 1295 1108 1357 ad
1112 1287 1235 1388 focum

193 1433 319 1491 angues
334 1412 518 1476 nundinari
526 1400 653 1499 solent.
696 1411 810 1470 Locus
827 1409 919 1470 haud
935 1392 1037 1470 dubie
1057 1407 1096 1470 in
1112 1413 1234 1476 mendo

76 1539 80 1556 ¹
108 1545 113 1554 ·
193 1527 312 1598 cubat,
334 1522 473 1606 eiusque
487 1519 623 1583 sanandi
636 1517 726 1584 viam
745 1519 837 1584 haud
852 1520 990 1583 eandem
1007 1516 1144 1614 ingreffi
1162 1522 1235 1585 sunt

190 1634 293 1698 docti.
340 1632 522 1706 Audiamus
534 1631 574 1695 cl.
584 1630 766 1695 Davifium.
806 1633 882 1706 „sta
898 1631 984 1704 sane,
1008 1629 1137 1718 inquit,
1154 1637 1232 1721 Reg.

188 1712 354 1820 „Cantob
381 1744 506 1831 aliique
523 1765 601 1806 msa.
632 1743 687 1804 sed
707 1739 765 1827 qui
786 1741 858 1806 vim
876 1743 1141 1832 potestatemque
1157 1767 1234 1806 nun-

188 1857 358 1930 ,minandi
380 1858 484 1938 probe
503 1854 620 1929 novit,
648 1852 705 1916 iile
730 1851 867 1936 quidem
888 1858 1028 1917 verbum
1047 1853 1133 1917 huic
1156 1857 1231 1920 loco

186 1989 282 2041 „non
305 1965 485 2029 convenire
508 1962 820 2056 statim'perspiciet.
865 1967 914 2026 Ea
938 1978 1075 2050 propter
1098 1967 1230 2031 Lambi-

186 2099 275 2154 „nus
302 2094 336 2141 et
360 2075 487 2141 amicus
511 2075 622 2140 Ursini
649 2089 817 2159 reponunt
838 2077 1001 2139 nidulari.
1055 2078 1229 2164 Siquidem

42 2181 48 2186 ’
95 2227 100 2232 -
185 2211 289 2267 „vero
321 2191 391 2252 Pal.
411 2187 484 2252 'tert
507 2203 624 2274 quart.
660 2201 694 2249 et
722 2184 846 2253 Baleol.
882 2186 1060 2252 exhibeant
1086 2195 1226 2268 nndari,

182 2305 319 2378 „baud,
350 2299 490 2385 opinor,
524 2298 758 2372 incommode,
793 2288 950 2366 rescribas
969 2301 1086 2366 videri
1099 2297 1225 2394 solent.
1300 2369 1301 2378 ,

183 2395 307 2490 „Certe
328 2434 405 2476 -non
429 2409 585 2476 absimilis
612 2409 656 2474 est
678 2409 850 2478 literarum
876 2413 1007 2476 ductus.
1063 2417 1115 2492 Ad
1142 2439 1226 2480 rece·
1300 2391 1301 2401 .

174 2529 299 2618 ,ptam
329 2540 442 2618 autem
469 2522 671 2597 lectionem,
709 2543 793 2608 quae
813 2521 937 2614 multis*
960 2525 1056 2587 codd.
1091 2511 1223 2601 nititur,
1299 2541 1300 2558 ¹

78 2637 89 2656 ”
176 2633 459 2722 ·‚,quamproximo
481 2629 549 2720 legi
569 2648 687 2718 queat,
711 2633 769 2696 uhi
790 2635 838 2694 ad
847 2626 971 2723 focum
988 2658 1116 2717 angues
1132 2643 1223 2702 meru

148 2751 151 2760 ’
180 2751 299 2824 „diori
306 2741 432 2839 solent.
453 2747 526 2810 Nec
541 2743 674 2806 forsitan
689 2747 773 2806 haec
788 2743 975 2828 displicebit
990 2747 1223 2814 coniectura.“

179 2861 245 2924 Sed
268 2857 354 2926 mibi
390 2875 525 2942 quoque
545 2875 664 2924 meam
693 2853 912 2938 suspicionem
939 2856 1087 2940 proferre
1111 2861 1223 2927 liceat.

177 2968 335 3034 Lambini
352 2967 488 3054 quidem
497 2963 724 3030 coniecturam
732 2984 811 3028 vero
821 2965 1222 3060 propinquiorem-quam

161 3079 319 3166 'reliquiae
336 3077 499 3142 lectiones
516 3075 680 3139 existimo:
702 3097 773 3139 non
792 3083 902 3171 tamen
920 3077 963 3142 fic
978 3079 1089 3162 placet
1105 3084 1220 3150 animo
1295 3107 1296 3154 ι

175 3210 270 3261 meo,
300 3188 382 3274 quin
406 3185 595 3250 mutatione
613 3183 775 3250 leviffima
796 3187 841 3251 fic
855 3187 967 3279 potius
984 3179 1216 3280 rescripserim,
1295 3180 1296 3197 Χ

174 3301 233 3364 ubi
249 3298 491 3366 auronum
503 3319 629 3384 angues
642 3299 826 3361 nundinari
834 3287 961 3389 solent.
1005 3304 1086 3366 Vult
1097 3329 1218 3393 nempe
1294 3283 1295 3292 ἵ

205 3531 271 3589 :ln
286 3507 398 3578 Davisii
420 3518 629 3578 emendatione
643 3537 681 3574 ex
696 3522 753 3576 hac
765 3521 886 3592 quidem
902 3529 986 3594 perte
1000 3525 1082 3580 nihil
1097 3527 1215 3600 prorsus

238 3602 388 3664 efficitnri.
403 3624 473 3662 narn
496 3605 530 3660 in
553 3623 587 3660 ee
606 3623 724 3681 quoque
748 3605 838 3680 galtis
856 3609 1049 3664 cantantibus
1070 3617 1213 3686 accipien-

237 3695 312 3748 dum
336 3689 375 3748 est
389 3689 591 3755 dativocasu,
607 3707 669 3746 non
693 3691 840 3759 ablativo,
858 3711 912 3764 pro
930 3708 984 3763 per
999 3695 1097 3768 gallos
1113 3699 1213 3772 pofito

178 3823 181 3846 Ι
215 3778 431 3852 iilottingerur
455 3782 528 3842 bene
551 3777 624 3832 baec
644 3777 735 3832 verba
761 3771 864 3836 retulit
887 3781 925 3834 ad
946 3779 1118 3836 instinctum
1141 3785 1213 3838 divi
1278 3840 1281 3851 ,

176 3861 179 3868 ’
237 3881 323 3922 num,
341 3860 389 3914 sed
405 3878 466 3915 non
480 3871 614 3921 accurate
629 3862 776 3934 explicurt
820 3861 950 3934 Signum
968 3858 1119 3920 conlundi
1132 3870 1210 3922 enim

238 3925 348 3998 ilicitur
364 3961 418 4015 pro
433 3946 573 4003 facultate
587 3947 726 4003 cantandi
741 3947 778 4001 ad
793 3947 1036 4022 significandum,
1061 3958 1098 4006 ut
1116 3951 1211 4008 sensns

244 4026 280 4092 it,
295 4019 363 4080 ileos
379 4029 464 4100 gellis
479 4033 612 4088 dedisse
603 4053 635 4090 m
650 4043 749 4095 cantu,
764 4043 798 4091 ut
813 4029 1062 4109 significarentur
1076 4039 1211 4112 agendas
